% This file was created with Citavi 6.0.0.2



@article{Eintrag.1,
 author = {Mustermann, M.},
 year = {2018},
 title = {Wie erstelle ich ein Poster in LaTex},
 pages = {1--2},
 volume = {1},
 number = {1},
 journal = {Medizintechnik}
}


